%% Bibliography 
@Misc{WC:Radiolocalização,
	author =	{Wavecom},
	title =		{Rádio-localização},
	howpublished =	{Website},
	note =	{\url{http://www.wavecom.pt/index.php?option=com_content&task=view&id=19&Itemid=34}},
	month={Agosto},
	year=2007
}

@Misc{WP:Position,
	author =	{Wikipedia},
	title =		{Rádio-localização},
	howpublished =	{Website},
	note =	{\url{http://en.wikipedia.org/wiki/Position}},
	month={Agosto},
	year=2007
}


@Misc{WP:CoordinateSystem,
	author =	{Wikipedia},
	title =		{Rádio-localização},
	howpublished =	{Website},
	note =	{\url{http://en.wikipedia.org/wiki/Coordinate_system}},
	month={Agosto},
	year=2007
}


@Misc{WP:WGS,
	author =	{Wikipedia},
	title =		{Rádio-localização},
	howpublished =	{Website},
	note =	{\url{http://en.wikipedia.org/wiki/World_Geodetic_System}},
	month={Agosto},
	year=2007
}


@Misc{WP:OndasDeRádio,
	author =	{Wikipedia},
	title =		{Rádio-localização},
	howpublished =	{Website},
	note =	{\url{http://pt.wikipedia.org/wiki/Ondas_de_rádio}},
	month={Agosto},
	year=2007
}


@Misc{WP:RadioFrequency,
	author =	{Wikipedia},
	title =		{Rádio-localização},
	howpublished =	{Website},
	note =	{\url{http://en.wikipedia.org/wiki/Radio_frequency}},
	month={Agosto},
	year=2007
}


@Misc{WP:Radio,
	author =	{Wikipedia},
	title =		{Rádio-localização},
	howpublished =	{Website},
	note =	{\url{http://en.wikipedia.org/wiki/Radio}},
	month={Agosto},
	year=2007
}


@Misc{WP:Navigation,
	author =	{Wikipedia},
	title =		{Rádio-localização},
	howpublished =	{Website},
	note =	{\url{http://en.wikipedia.org/wiki/Navigation}},
	month={Agosto},
	year=2007
}


@Misc{WP:DeadReckoning,
	author =	{Wikipedia},
	title =		{Rádio-localização},
	howpublished =	{Website},
	note =	{\url{http://en.wikipedia.org/wiki/Dead_reckoning}},
	month={Agosto},
	year=2007
}


@Misc{WP:Sextante,
	author =	{Wikipedia},
	title =		{Rádio-localização},
	howpublished =	{Website},
	note =	{\url{http://pt.wikipedia.org/wiki/Sextante}},
	month={Agosto},
	year=2007
}


@Misc{WP:Triangulation,
	author =	{Wikipedia},
	title =		{Rádio-localização},
	howpublished =	{Website},
	note =	{\url{http://en.wikipedia.org/wiki/Triangulation}},
	month={Agosto},
	year=2007
}


@Misc{WP:Trilateration,
	author =	{Wikipedia},
	title =		{Rádio-localização},
	howpublished =	{Website},
	note =	{\url{http://en.wikipedia.org/wiki/Trilateration}},
	month={Agosto},
	year=2007
}


@Misc{WP:GPS,
	author =	{Wikipedia},
	title =		{Rádio-localização},
	howpublished =	{Website},
	note =	{\url{http://en.wikipedia.org/wiki/GPS}},
	month={Agosto},
	year=2007
}


@Misc{MS:BluetoothStackArchitecture,
	author =	{Microsoft},
	title =		{Rádio-localização},
	howpublished =	{Website},
	note =	{\url{http://msdn2.microsoft.com/en-us/library/ms863323.aspx}},
	month={Setembro},
	year=2007
}


@Misc{MS:RADAR,
	author =	{Microsoft},
	title =		{Rádio-localização},
	howpublished =	{Website},
	note =	{\url{http://research.microsoft.com/~bahl/MS_Projects/RadarDemo/default.asp}},
	month={Setembro},
	year=2007
}


@Misc{MS:RADARDemo,
	author =	{Microsoft},
	title =		{Rádio-localização},
	howpublished =	{Website},
	note =	{\url{http://research.microsoft.com/~bahl/MS_Projects/RadarDemo/demo.htm}},
	month={Setembro},
	year=2007
}

@ARTICLE{kn:Sha99,
 AUTHOR={Shasha, Dennis},
 TITLE={Time Series in Finance: the array database approach},
 JOURNAL={ACM SIGM0D},
 VOLUME={},
 NUMBER={},
 PAGES={},
 MONTH={Abril},
 YEAR=1999}

@MISC{kn:Geo00,
 AUTHOR={Geocities},
 TITLE={Fundamentos de análise técnica e seus instrumentos},
 HOWPUBLISHED={URL: \url{http://www.geocities.com/WallStreet/2500/przpanap.htm}},
 MONTH={Maio},
 YEAR=2000}

@INPROCEEDINGS{kn:Naf99,
 AUTHOR={Naftulin, Henry},
 TITLE={Organizing Information for the Internet and E-commerce},
 PAGES={},
 BOOKTITLE={ACM SIGIR'99},
 EDITOR={},
 PUBLISHER={},
 ADDRESS={},
 MONTH={},
 YEAR=1999}

@BOOK{kn:Mur87,
 AUTHOR={Murphy, John J.},
 TITLE={Technical Analysis of the Futures Markets},
 PUBLISHER={New York Institute of Finance-70},
 ADDRESS={Pine Street-New York, New York 10270},
 YEAR=1987}

@BOOK{kn:Sus83,
 AUTHOR={Sussams, John E.},
 TITLE={Como Fazer um Relatório},
 PUBLISHER={Editorial Presença},
 ISBN={972-23-1290-1},
 YEAR=1983}
